Reviews

@article{boccaletti2006complex,
  title={Complex networks: Structure and dynamics},
  author={Boccaletti, Stefano and Latora, Vito and Moreno, Yamir and Chavez, Martin and Hwang, D-U},
  journal={Physics reports},
  volume={424},
  number={4},
  pages={175--308},
  year={2006},
  publisher={Elsevier}
}

@article{strogatz2001exploring,
  title={Exploring complex networks},
  author={Strogatz, Steven H},
  journal={Nature},
  volume={410},
  number={6825},
  pages={268--276},
  year={2001},
  publisher={Nature Publishing Group}
}

Theories

@article{newman2002random,
  title={Random graph models of social networks},
  author={Newman, Mark EJ and Watts, Duncan J and Strogatz, Steven H},
  journal={Proceedings of the National Academy of Sciences of the United States of America},
  volume={99},
  number={Suppl 1},
  pages={2566--2572},
  year={2002},
  publisher={National Acad Sciences}
}

@misc{wiki_giant_component,
  author = "Wikipedia",
  title = "Giant component --- Wikipedia{,} The Free Encyclopedia",
  year = "2013",
  url = {http://en.wikipedia.org/w/index.php?title=Giant_component&oldid=544083742},
  note = "[Online; accessed 20-May-2014]",
  howpublished = "\url{http://en.wikipedia.org/w/index.php?title=Giant_component&oldid=544083742}"
}

@misc{stanford_network_dataset,
  author = "Jure Leskovec",
  title = "Stanford Large Network Dataset Collection",
  year = "2009",
  url = {http://snap.stanford.edu/data/},
  note = "[Online; accessed 15-May-2014]",
  howpublished = "\url{http://snap.stanford.edu/data/}"
}

Real Networks

@article{nunes2000classes,
  title={Classes of behavior of small-world networks},
  author={Nunes Amaral, Luis A and Scala, Antonio and Barthelemy, Marc and Stanley, H Eugene},
  journal={arXiv preprint cond-mat/0001458},
  year={2000}
}

@article{newman2001structure,
  title={The structure of scientific collaboration networks},
  author={Newman, Mark EJ},
  journal={Proceedings of the National Academy of Sciences},
  volume={98},
  number={2},
  pages={404--409},
  year={2001},
  publisher={National Acad Sciences}
}

@article{ugander2011anatomy,
  title={The anatomy of the facebook social graph},
  author={Ugander, Johan and Karrer, Brian and Backstrom, Lars and Marlow, Cameron},
  journal={arXiv preprint arXiv:1111.4503},
  year={2011}
}

@incollection{kumar2010structure,
  title={Structure and evolution of online social networks},
  author={Kumar, Ravi and Novak, Jasmine and Tomkins, Andrew},
  booktitle={Link mining: models, algorithms, and applications},
  pages={337--357},
  year={2010},
  publisher={Springer}
}

